<?xml version="1.0" encoding="UTF-8"?><collection xmlns="http://www.loc.gov/MARC21/slim"><record><leader>00406nam--2200133-i-4500</leader><controlfield tag="001">000039488</controlfield><controlfield tag="002">20161230</controlfield><controlfield tag="005">20161230201042</controlfield><controlfield tag="008">060222s1000------------r-----000-0-eng-d</controlfield><datafield ind1=" " ind2=" " tag="080"><subfield code="a">621.47</subfield></datafield><datafield ind1=" " ind2=" " tag="100"><subfield code="a">Laugier,Andre.,Roger,Jean-alain</subfield></datafield><datafield ind1=" " ind2=" " tag="245"><subfield code="a">Les photoiles solaires du materiau au dispositif du dispositif aux application</subfield></datafield><datafield ind1=" " ind2=" " tag="260"><subfield code="a">Paris, Technique And Documentation, 1981. Xi + 307 P</subfield></datafield><datafield ind1=" " ind2=" " tag="852"><subfield code="a">70165</subfield></datafield></record></collection>